<?xml version="1.0" encoding="UTF-8"?><record xmlns="http://www.loc.gov/MARC21/slim" xmlns:cinclude="http://apache.org/cocoon/include/1.0" xmlns:zs="http://www.loc.gov/zing/srw/">
  <leader>00390nz  a2200133n  4500</leader>
  <controlfield tag="001">no2010199383</controlfield>
  <controlfield tag="003">DLC</controlfield>
  <controlfield tag="005">20101210075652.0</controlfield>
  <controlfield tag="008">101208n| acannaabn          |n aaa     c</controlfield>
  <datafield tag="010" ind1=" " ind2=" ">
    <subfield code="a">no2010199383</subfield>
  </datafield>
  <datafield tag="035" ind1=" " ind2=" ">
    <subfield code="a">(OCoLC)oca08709479</subfield>
  </datafield>
  <datafield tag="040" ind1=" " ind2=" ">
    <subfield code="a">MoKU</subfield>
    <subfield code="b">eng</subfield>
    <subfield code="c">MoKU</subfield>
  </datafield>
  <datafield tag="100" ind1="1" ind2=" ">
    <subfield code="a">Duryea, Oscar</subfield>
  </datafield>
  <datafield tag="670" ind1=" " ind2=" ">
    <subfield code="a">Johnson, J.P. Charleston, c1923:</subfield>
    <subfield code="b">back cover (Oscar Duryea, "American authority on modern dances")</subfield>
  </datafield>
</record>